@article{nuclear_spin_readout,
	author = "Jarryd J. Pla et al.",
	title = "High-fidelity readout and control of a nuclear spin qubit in silicon",
	year = "2013",
	journal = "Nature"
}

@article{electron_spin_silicon,
	author = "Jarryd J. Pla et al.",
	title = "A single-atom electron spin qubit in silicon",
	year = "2012",
	journal = "Nature"
}	

@article{bennett2000quantum,
	title={Quantum information and computation},
	author={Bennett, Charles H and DiVincenzo, David P},
	journal={Nature},
	volume={404},
	number={6775},
	pages={247--255},
	year={2000},
	publisher={Nature Publishing Group}
}

@article{shulman2014suppressing,
	title={Suppressing qubit dephasing using real-time Hamiltonian estimation},
	author={Shulman, Michael D and Harvey, Shannon P and Nichol, John M and Bartlett, Stephen D and Doherty, Andrew C and Umansky, Vladimir and Yacoby, Amir},
	journal={Nature communications},
	volume={5},
	year={2014},
	publisher={Nature Publishing Group}
}

@article{bonato2015optimized,
	title={Optimized quantum sensing with a single electron spin using real-time adaptive measurements},
	author={Bonato, Cristian and Blok, Machiel S and Dinani, Hossein T and Berry, Dominic W and Markham, Matthew L and Twitchen, Daniel J and Hanson, Ronald},
	journal={arXiv preprint arXiv:1508.03983},
	year={2015}
}

@article{devoret2000amplifying,
	title={Amplifying quantum signals with the single-electron transistor},
	author={Devoret, Michel H and Schoelkopf, Robert J},
	journal={Nature},
	volume={406},
	number={6799},
	pages={1039--1046},
	year={2000},
	publisher={Nature Publishing Group}
}

@article{moore1965cramming,
	title={Cramming more components onto integrated circuits, Reprinted from Electronics, volume 38, number 8, April 19, 1965, pp. 114 ff.},
	author={Moore, Gordon E},
	journal={IEEE Solid-State Circuits Newsletter},
	volume={3},
	number={20},
	pages={33--35},
	year={2006}
}

@inproceedings{grover1996fast,
	title={A fast quantum mechanical algorithm for database search},
	author={Grover, Lov K},
	booktitle={Proceedings of the twenty-eighth annual ACM symposium on Theory of computing},
	pages={212--219},
	year={1996},
	organization={ACM}
}

@article{morello2010single,
	title={Single-shot readout of an electron spin in silicon},
	author={Morello, Andrea and Pla, Jarryd J and Zwanenburg, Floris A and Chan, Kok W and Tan, Kuan Y and Huebl, Hans and M{\"o}tt{\"o}nen, Mikko and Nugroho, Christopher D and Yang, Changyi and van Donkelaar, Jessica A and others},
	journal={Nature},
	volume={467},
	number={7316},
	pages={687--691},
	year={2010},
	publisher={Nature Publishing Group}
}

@manual{ATS9440,
	title = "ATS9440 User Manual
	14 Bit, 4 Channel, 125 MS/s
	Waveform Digitizer for PCI Express Bus",
	date = "2011",
	organization = "AlazarTech, Inc."
	
}

@misc{intel_process,
	author = "Andrew Cunningham",
	title = "Broadwell is coming: A look at Intelâ€™s low-power Core M and its 14nm process",
	month = "August",
	year = "2014",
	url = "http://arstechnica.com/gadgets/2014/08/broadwell-is-coming-a-look-at-intels-low-power-core-m-and-its-14nm-process/1/"
}

@misc{intel_future,
	author = "Sebastian Anthony",
	title = "http://arstechnica.com/gadgets/2015/02/intel-forges-ahead-to-10nm-will-move-away-from-silicon-at-7nm/",
	month = "February",
	year = "2015",
	url = "http://arstechnica.com/gadgets/2015/02/intel-forges-ahead-to-10nm-will-move-away-from-silicon-at-7nm/"
}

@misc{end_of_Moore_1,
	author = "Charles C. Mann",
	title = "The End of Moore's Law?",
	month = "May",
	year = "2000",
	url = "http://www.technologyreview.com/featuredstory/400710/the-end-of-moores-law/page/2/"
}


@misc{end_of_Moore_2,
	author = "L. S.",
	title = "The end of Moore's law",
	month = "April",
	year = "2015",
	url = "http://www.economist.com/blogs/economist-explains/2015/04/economist-explains-17"	
}

@misc{coulomb_blockade,
	author = "Dschwen",
	title = "Single Electron Transistor",
	url = "https://upload.wikimedia.org/wikipedia/commons/5/5d/Single_electron_transistor.svg",
	urlseen = "27-10-15"
	
	
}