@article{nuclear_spin_readout,
	author = "Jarryd J. Pla et al.",
	title = "High-fidelity readout and control of a nuclear spin qubit in silicon",
	year = "2013",
	journal = "Nature",
}

@article{electron_spin_silicon,
	author = "Jarryd J. Pla et al.",
	title = "A single-atom electron spin qubit in silicon",
	year = "2012",
	journal = "Nature",
}	

@article{bonato2015optimized,
	title={Optimized quantum sensing with a single electron spin using real-time adaptive measurements},
	author={Bonato, Cristian and Blok, Machiel S and Dinani, Hossein T and Berry, Dominic W and Markham, Matthew L and Twitchen, Daniel J and Hanson, Ronald},
	journal={arXiv preprint arXiv:1508.03983},
	year={2015}
}

@article{devoret2000amplifying,
	title={Amplifying quantum signals with the single-electron transistor},
	author={Devoret, Michel H and Schoelkopf, Robert J},
	journal={Nature},
	volume={406},
	number={6799},
	pages={1039--1046},
	year={2000},
	publisher={Nature Publishing Group}
}

@article{moores_law,
	author = "Gordon Moore",
	title = "Cramming more components
	onto integrated circuits",
	year = "1965",
	journal = "Electronics"
	
}

@article{grovers_algorithm,
	author = "Lov K. Grover",
	title = "A fast quantum mechanical algorithm for database search",
	year = "1996",
	journal = "arXiv:quant-ph/9605043"
}

@article{single_shot_readout,
	author = "Andrea Morello et al.",
	title = "Single-shot readout of an electron spin in silicon",
	year = "2010",
	journal = "Nature"
}

@manual{ATS9440,
	title = "ATS9440 User Manual
	14 Bit, 4 Channel, 125 MS/s
	Waveform Digitizer for PCI Express Bus",
	date = "2011",
	organization = "AlazarTech, Inc."
	
}

@misc{intel_process,
	author = "Andrew Cunningham",
	title = "Broadwell is coming: A look at Intelâ€™s low-power Core M and its 14nm process",
	month = "August",
	year = "2014",
	url = "http://arstechnica.com/gadgets/2014/08/broadwell-is-coming-a-look-at-intels-low-power-core-m-and-its-14nm-process/1/"
}

@misc{intel_future,
	author = "Sebastian Anthony",
	title = "http://arstechnica.com/gadgets/2015/02/intel-forges-ahead-to-10nm-will-move-away-from-silicon-at-7nm/",
	month = "February",
	year = "2015",
	url = "http://arstechnica.com/gadgets/2015/02/intel-forges-ahead-to-10nm-will-move-away-from-silicon-at-7nm/"
}

@misc{end_of_Moore_1,
	author = "Charles C. Mann",
	title = "The End of Moore's Law?",
	month = "May",
	year = "2000",
	url = "http://www.technologyreview.com/featuredstory/400710/the-end-of-moores-law/page/2/"
}


@misc{end_of_Moore_2,
	author = "L. S.",
	title = "The end of Moore's law",
	month = "April",
	year = "2015",
	url = "http://www.economist.com/blogs/economist-explains/2015/04/economist-explains-17"	
}

@misc{coulomb_blockade,
	author = "Dschwen",
	title = "Single Electron Transistor",
	url = "https://upload.wikimedia.org/wikipedia/commons/5/5d/Single_electron_transistor.svg",
	urlseen = "27-10-15"
	
	
}